@article{anderson1990,
    author      = "C. A. Anderson",
    title       = "Some emendations of {G\"o}del’s ontological proof",
    year        = "1990",
    journal     = "Faith and Philosophy",
    pages       = "291--303",
    note        = "Dostęp zdalny \url{https://appearedtoblogly.files.wordpress.com/2011/05/anderson-anthony-c-22some-emendations-of-gc3b6dels-ontological-proof22.pdf}"
}

@article{anderson1996,
	author      = "Curtis Anthony Anderson",
	title       = "{G\"o}del’s ontological proof revisited",
	year        = "1996",
	journal     = "Faith and Philosophy",
	pages       = "167--172",
	note        = "Dostęp zdalny \url{https://projecteuclid.org/download/pdf_1/euclid.lnl/1235417020}"
}

@inproceedings{benzmuller2014,
	author      = "Ch Benzmuller and B. W. Paleo",
	title       = "Automating {G\"o}del’s Ontological Proof of God’s Existence with Higherorder Automated Theorem Provers",
	year        = "2014",
	booktitle   = "European	Conference on Artificial Intelligence",
	publisher   = "IOS Press",
	note        = "Dostęp zdalny \url{https://projecteuclid.org/download/pdf_1/euclid.lnl/1235417020}"
}

@inproceedings{benzmuller2016,
	author      = "Ch. Benzm{\"u}ller and B. W. Paleo",
	title       = "The Inconsistency in {G\"o}del’s Ontological	Argument: A Success Story for AI in	Metaphysics",
	year        = "2016",
	booktitle   = "International Joint Conference on Artificial Intelligence",
	publisher   = "AAAI Press",
	note        = "Dostęp zdalny \url{https://projecteuclid.org/download/pdf_1/euclid.lnl/1235417020}"
}

@incollection{goedel1995,
	author      = "Kurt G{\"o}del",
	title       = "Texts relating to the ontological proof",
	year        = "1995",
	booktitle   = "Unpublished Essays and Lectures",
	publisher   = "Oxford University Press",
	pages       = "429--437"
}

@incollection{sobel1987,
	author      = "J. H. Sobel",
	title       = "{G\"o}del’s ontological proof",
	year        = "1987",
	booktitle   = "On Being and Saying: Essays for Richard Catwright",
	publisher   = "MIT Press",
	pages       = "241--261"
}

@book{sobel2004,
	author      = "J. H. Sobel",
	title       = "Logic and Theism: Arguments for and Against Beliefs in God.",
	year        = "2004",
	publisher   = "Cambridge University Press",
	pages       = "241--261"
}

