@article{anderson1990,
    author      = "C. A. Anderson",
    title       = "Some emendations of {G\"o}del’s ontological proof",
    year        = "1990",
    journal     = "Faith and Philosophy",
    pages       = "291--303",
    note        = "Dostęp zdalny (10.04.2019): \url{https://appearedtoblogly.files.wordpress.com/2011/05/anderson-anthony-c-22some-emendations-of-gc3b6dels-ontological-proof22.pdf}"
}

@article{anderson1996,
	author      = "Curtis Anthony Anderson",
	title       = "{G\"o}del’s ontological proof revisited",
	year        = "1996",
	journal     = "Faith and Philosophy",
	pages       = "167--172",
	note        = "Dostęp zdalny (10.04.2019): \url{https://projecteuclid.org/download/pdf_1/euclid.lnl/1235417020}"
}

@inproceedings{benzmuller2014,
	author      = "Ch Benzmuller and B. W. Paleo",
	title       = "Automating {G\"o}del’s {O}ntological {P}roof of {G}od’s {E}xistence with {H}igher-order {A}utomated {T}heorem {P}rovers",
	year        = "2014",
	booktitle   = "European	Conference on Artificial Intelligence",
	publisher   = "IOS Press",
	note        = "Dostęp zdalny (10.04.2019): \url{http://page.mi.fu-berlin.de/cbenzmueller/papers/C40.pdf}"
}

@inproceedings{benzmuller2016,
	author      = "Ch. Benzm{\"u}ller and B. W. Paleo",
	title       = "The {I}nconsistency in {G\"o}del’s {O}ntological	{A}rgument: {A} {S}uccess {S}tory for {AI} in {M}etaphysics",
	year        = "2016",
	booktitle   = "International Joint Conference on Artificial Intelligence",
	publisher   = "AAAI Press",
	note        = "Dostęp zdalny (10.04.2019): \url{https://www.ijcai.org/Proceedings/16/Papers/137.pdf}"
}

@incollection{goedel1995,
	author      = "Kurt G{\"o}del",
	title       = "Texts relating to the ontological proof",
	year        = "1995",
	booktitle   = "Unpublished Essays and Lectures",
	publisher   = "Oxford University Press",
	pages       = "429--437"
}

@incollection{goedel2004,
	author      = "Kurt G{\"o}del",
	title       = "Notes in {K}urt {G\"o}del's {H}and",
	year        = "2004",
	booktitle   = "Logic and Theism: Arguments for and Against Beliefs in God",
	publisher   = "Cambridge University Press",
	pages       = "144--145"
}


@incollection{sobel1987,
	author      = "J. H. Sobel",
	title       = "{G\"o}del’s ontological proof",
	year        = "1987",
	booktitle   = "On Being and Saying: Essays for Richard Catwright",
	publisher   = "MIT Press",
	pages       = "241--261"
}

@book{sobel2004,
	author      = "J. H. Sobel",
	title       = "Logic and Theism: Arguments for and Against Beliefs in God",
	year        = "2004",
	publisher   = "Cambridge University Press",
	pages       = "241--261"
}

@book{putnam1985,
	author      = "Hilary Putnam",
	title       = " Philosophical Papers: Volume 3, Realism and Reason",
	year        = "1985",
	publisher   = "Cambridge University Press",
	pages       = "184"
}

@book{stanford2005,
	author      = "S. Sarkar and J. Pfeifer",
	title       = " The Philosophy of Science: An Encyclopedia",
	year        = "2005",
	publisher   = "Taylor \& Francis",
	pages       = "83"
}
